<record><leader>00000cas a22000007a 4500</leader><controlfield tag="001">15504607</controlfield><controlfield tag="008">870408d19481974inuwr ne      0    0eng d</controlfield><datafield ind1=" " ind2=" " tag="010"><subfield code="a">sn 87055749 </subfield></datafield><datafield ind1=" " ind2=" " tag="040"><subfield code="a">NPI</subfield><subfield code="b">eng</subfield><subfield code="c">NPI</subfield><subfield code="d">OCLCQ</subfield></datafield><datafield ind1=" " ind2=" " tag="042"><subfield code="a">msc</subfield></datafield><datafield ind1="0" ind2="0" tag="245"><subfield code="a">Times-graphic.</subfield></datafield><datafield ind1=" " ind2=" " tag="260"><subfield code="a">Whiting, Ind. :</subfield><subfield code="b">[Olwen Griffith],</subfield><subfield code="c">1948-1974.</subfield></datafield><datafield ind1=" " ind2=" " tag="310"><subfield code="a">Weekly</subfield></datafield><datafield ind1="0" ind2=" " tag="362"><subfield code="a">Vol. 21, no. 24 (Feb. 26, 1948)-v. 45, no. 10 (Jan. 10, 1974).</subfield></datafield><datafield ind1=" " ind2=" " tag="500"><subfield code="a">Publisher from Miller, John W., Indiana newspaper bibl.</subfield></datafield><datafield ind1=" " ind2=" " tag="752"><subfield code="a">United States</subfield><subfield code="b">Indiana</subfield><subfield code="c">Lake</subfield><subfield code="d">Whiting.</subfield></datafield><datafield ind1="0" ind2="0" tag="780"><subfield code="t">Whiting times</subfield><subfield code="w">(DLC)sn 87055748</subfield></datafield></record>